@ARTICLE{1992Natur.355..145W,
   author = {{Wolszczan}, A. and {Frail}, D.~A.},
    title = "{A planetary system around the millisecond pulsar PSR1257 + 12}",
  journal = {\nat},
 keywords = {Binary Stars, Extrasolar Planets, Orbital Mechanics, Planetary Systems, Pulsars, Accretion Disks, Least Squares Method, Neutron Stars, Radio Astronomy, Supernova Remnants},
     year = 1992,
    month = jan,
   volume = 355,
    pages = {145-147},
      doi = {10.1038/355145a0},
   adsurl = {http://adsabs.harvard.edu/abs/1992Natur.355..145W},
  adsnote = {Provided by the SAO/NASA Astrophysics Data System}
}

@INPROCEEDINGS{1993ASPC...36..149P,
   author = {{Podsiadlowski}, P.},
    title = "{Planet formation scenarios}",
 keywords = {Astronomical Models, Extrasolar Planets, Planetary Evolution, Planetary Systems, Pulsars, Neutron Stars, Stellar Evolution},
booktitle = {Planets Around Pulsars},
     year = 1993,
   series = {Astronomical Society of the Pacific Conference Series},
   volume = 36,
   editor = {{Phillips}, J.~A. and {Thorsett}, S.~E. and {Kulkarni}, S.~R.
	},
    month = jan,
    pages = {149-165},
   adsurl = {http://adsabs.harvard.edu/abs/1993ASPC...36..149P},
  adsnote = {Provided by the SAO/NASA Astrophysics Data System}
}

@ARTICLE{2003ApJ...591L.147K,
   author = {{Konacki}, M. and {Wolszczan}, A.},
    title = "{Masses and Orbital Inclinations of Planets in the PSR B1257+12 System}",
  journal = {\apjl},
   eprint = {astro-ph/0305536},
 keywords = {Stars: Planetary Systems, Stars: Pulsars: Individual: Alphanumeric: PSR B1257+12},
     year = 2003,
    month = jul,
   volume = 591,
    pages = {L147-L150},
      doi = {10.1086/377093},
   adsurl = {http://adsabs.harvard.edu/abs/2003ApJ...591L.147K},
  adsnote = {Provided by the SAO/NASA Astrophysics Data System}
}

